%%%%%%%%%%%%%%%%%%%%%%%%%%%%%%%%%%%%%%%%%
%Citeerstijlen:
%
%@book{Xbook,
%    author    = "",
%    title     = "",
%    publisher = "",
%    %volume   = "",
%    %number   = "",
%    %series   = "",
%    %address  = "",
%    %edition  = "",
%    year      = "XXXX",
%    %month    = "",
%    %note     = "",
%}
%@article{Xarticle,
%    author    = "",
%    title     = "",
%    journal   = "",
%    %volume   = "",
%    %number   = "",
%    %pages    = "",
%    year      = "XXXX",
%    %month    = "",
%    %note     = "",
%}
%
%@conference{Xconference,
%    author    = "",
%    title     = "",
%    booktitle = "",
%    %editor   = "",
%    %volume   = "",
%    %number   = "",
%    %series   = "",
%    %pages    = "",
%    %address  = "",
%    year      = "XXXX",
%    %month    = "",
%    %publisher= "",
%    %note     = "",
%}
%
%@misc{Xmisc,
%    %author    = "",
%    %title     = "",
%    %howpublished = "",
%    %year     = "XXXX",
%    %month    = "",
%    %note     = "",
%}
%%%%%%%%%%%%%%%%%%%%%%%%%%%%%%%%%%%%%%%%%

    